@misc{tv,
   author = {{Trafikverket}},
   title = {Transportsektorns utsläpp - {Trafikverket}},
   year = "2016",
   month = "mars",
   url = {http://www.trafikverket.se/om-oss/var-verksamhet/sa-har-jobbar-vi-med/miljo-och-halsa/klimat/transportsektorns-utslapp},
   urldate = {\today}
}
@misc{scb,
   author = {{Statiska Centralbyrån}},
   title = {30 största yrkena},
   year = "2016",
   month = "mars",
   url = {http://www.scb.se/sv_/Hitta-statistik/Statistik-efter-amne/Arbetsmarknad/Sysselsattning-forvarvsarbete-och-arbetstider/Yrkesregistret-med-yrkesstatistik/59064/59071/133973/},
   urldate = {\today}
}
@misc{un,
   Author = {{Division For Sustainable Development, UN-DESA}},
   title = {{Goal 7 .:. Sustainable Development Knowledge Platform}},
   url = {https://sustainabledevelopment.un.org/sdg7},
   urldate = {\today}
}
@article{aut,
	Author = {Greenblatt, Jeffery B. and Saxena, Samveg},
	Date = {2015/09//print},
	Date-Added = {2016-10-30 22:09:39 +0000},
	Date-Modified = {2016-10-30 22:09:39 +0000},
	Isbn = {1758-678X},
	Journal = {Nature Clim. Change},
	L3 = {10.1038/nclimate2685; http://www.nature.com/nclimate/journal/v5/n9/abs/nclimate2685.html#supplementary-information},
	M3 = {Letter},
	Month = {09},
	Number = {9},
	Pages = {860--863},
	Publisher = {Nature Publishing Group},
	Title = {Autonomous taxis could greatly reduce greenhouse-gas emissions of US light-duty vehicles},
	Ty = {JOUR},
	Url = {http://dx.doi.org/10.1038/nclimate2685},
	Volume = {5},
	Year = {2015},
	Bdsk-Url-1 = {http://dx.doi.org/10.1038/nclimate2685}}
