@misc{Wendin,
    author      = "Marcus Wendin",
    title       = "{LCA} rapport guide",
    institution = "Milj√∂giraff",
    year        = "2016",
    month       = "sep"
}
@misc{TNS,
    author={{The Natural Step}},
    title={The Natural Step Framework Guidebook},
    year=2000
}
