@misc{pp,
   author = {David Andersson},
   title = {Politiska styrmedel},
   howpublished = {PowerPoint-presentation},
   url = {https://pingpong.chalmers.se/courseId/6794/node.do?id=3289920\&ts=1475749801565\&u=1825887321},
   urldate = {\today}
}
@misc{imf,
   publisher = {{International Monetary Fund}},
   title = {{Market-Based Instruments for International Aviation and Shipping as a Source of
Climate Finance}},
   howpublished = {Förarbete},
   url = {https://www.imf.org/external/np/g20/pdf/110411a.pdf},
   urldate = {\today}
}
@article{dn,
    author = {David Andersson, and Christian Azar, and Anders Biel, and David Bryngelsson, and Olof Drakenberg, and Tommy Gärling, and Fredrik Hedenus, and John Holmberg, and Sverker C. Jagers, and Jörgen Larsson, and Jonas Nässén, and Cecilia Solér, and Thomas Sterner, and Stefan Wirsenius},
    title   = {{”Nu krävs kraftfulla åtgärder mot nötkött och flygresor”}},
    journal = "Dagens Nyheter",
    year    = "2015",
    month   = "feb"
}
@book{oecd,
  doi = {10.1787/9789264196964-en},
  url = {http://dx.doi.org/10.1787/9789264196964-en},
  year  = {2013},
  month = {nov},
  publisher = {OECD Publishing},
  title = {Effective Carbon Prices},
  author = {{OECD}}
}
@book{dahlin,
  year  = {2014},
  publisher = {Studentlitteratur},
  title = {Hållbar utveckling – en introduktion för ingenjörer},
  author = {Jon-Erik Dahlin}
}
@article{trag,
  doi = {10.1126/science.162.3859.1243},
  url = {http://dx.doi.org/10.1126/science.162.3859.1243},
  year  = {1968},
  month = {dec},
  publisher = {American Association for the Advancement of Science ({AAAS})},
  volume = {162},
  number = {3859},
  pages = {1243--1248},
  title = {The Tragedy of the Commons},
  author = "Garrett Hardin",
  journal = {Science}
}
@book{korr,
    author={Oskar Fröidh, and Jennifer Warg}, 
    title={Europakorridoren : kapacitet och restider}, 
    publisher={KTH, Avdelningen för trafik och logistik}, 
    address={Stockholm}, 
    year={2013}, 
    ISBN={9789187353178}, 
}
