@book{WHO:2009,
  title={Dengue: Guidelines for Diagnosis, Treatment, Prevention and Control},
  author={{\relax World Health Organization}},
  isbn={9789241547871},
  lccn={2010411013},
  url={https://books.google.se/books?id=dlc0YSIyGYwC},
  year={2009},
  publisher={World Health Organization}
},
@techreport{ericsson,
    title={Sub-Saharan Africa: Ericsson Mobility Report},
    author={Ericsson},
    month={November},
    year={2015},
    file={{\relax http://www.ericsson.com/res/docs/2015/mobility-report/emr-nov-2015-regional-report-sub-saharan-africa.pdf}},
    publisher={Ericsson}
}
@misc{Singapore:clusters,
  author = {{National Environment Agency}},
  title = {Location of Active Clusters},
  year = 2016,
  url = {http://www.dengue.gov.sg/subject.asp?id=74},
  urldate = {\today}
}
@misc{Singapore:video,
  author = {{CleanGreenSingapore}},
  title = {{Preventing Dengue in HDB Homes - ENGLISH}},
  year = 2013,
  month = March,
  url = {http://www.youtube.com/watch?v=0qF3-\char`_IN7MY},
  urldate = {\today}
}
@misc{malaria,
   author = "Wikipedia",
   title = "Malaria --- {W}ikipedia{,} The Free Encyclopedia",
   year = "2016",
   url = "https://en.wikipedia.org/wiki/Malaria",
   urldate = {\today}
}
@misc{corruption:angola,
   author = {{Transparency International}},
   title = {Transparency International - Country Profiles},
   year = "2016",
   url = {http://www.transparency.org/country/\#AGO} ,
   urldate = {\today}
}
